{"type":"received","product_id":"BTC-USD","sequence":99,"order_id":"aaaaaaaa-aaaa-4aaa-8aaa-aaaaaaaaaaaa","side":"buy","order_type":"limit","price":"99.00","size":"1.0","time":"2026-07-10T11:59:59.999999999Z"}
{"type":"received","product_id":"BTC-USD","sequence":101,"order_id":"33333333-3333-4333-8333-333333333333","side":"buy","order_type":"limit","price":"101.00","size":"1.0","time":"2026-07-10T12:00:00.000000001Z"}
{"type":"match","product_id":"BTC-USD","sequence":102,"trade_id":1,"maker_order_id":"22222222-2222-4222-8222-222222222222","taker_order_id":"33333333-3333-4333-8333-333333333333","side":"sell","price":"101.00","size":"0.4","time":"2026-07-10T12:00:00.000000002Z"}
{"type":"done","product_id":"BTC-USD","sequence":103,"order_id":"33333333-3333-4333-8333-333333333333","side":"buy","reason":"filled","remaining_size":"0","time":"2026-07-10T12:00:00.000000003Z"}
{"type":"open","product_id":"BTC-USD","sequence":104,"order_id":"44444444-4444-4444-8444-444444444444","side":"buy","price":"99.00","remaining_size":"1.0","time":"2026-07-10T12:00:00.000000004Z"}
{"type":"change","product_id":"BTC-USD","sequence":105,"order_id":"44444444-4444-4444-8444-444444444444","side":"buy","reason":"STP","price":"99.00","old_size":"1.0","new_size":"0.5","time":"2026-07-10T12:00:00.000000005Z"}
{"type":"change","product_id":"BTC-USD","sequence":106,"order_id":"44444444-4444-4444-8444-444444444444","side":"buy","reason":"modify_order","old_price":"99.00","new_price":"98.00","old_size":"0.5","new_size":"0.5","time":"2026-07-10T12:00:00.000000006Z"}
{"type":"done","product_id":"BTC-USD","sequence":107,"order_id":"44444444-4444-4444-8444-444444444444","side":"buy","price":"98.00","reason":"canceled","remaining_size":"0.5","time":"2026-07-10T12:00:00.000000007Z"}
{"type":"match","product_id":"BTC-USD","sequence":108,"trade_id":2,"maker_order_id":"22222222-2222-4222-8222-222222222222","taker_order_id":"55555555-5555-4555-8555-555555555555","side":"sell","price":"101.00","size":"0.6","time":"2026-07-10T12:00:00.000000008Z"}
{"type":"done","product_id":"BTC-USD","sequence":109,"order_id":"22222222-2222-4222-8222-222222222222","side":"sell","price":"101.00","reason":"filled","remaining_size":"0","time":"2026-07-10T12:00:00.000000009Z"}
